@inproceedings{polylingual,
     author={Mimno, David and Wallach, Hanna M. and Naradowsky, Jason and Smith, David A. and McCallum, Andrew},
     title = {Polylingual Topic Models},
     booktitle = {Proceedings of the 2009 Conference on Empirical Methods in Natural Language Processing: Volume 2 - Volume 2},
     series = {EMNLP '09},
     year = {2009},
     isbn = {978-1-932432-62-6},
     location = {Singapore},
     pages = {880--889},
     numpages = {10},
     url = {http://dl.acm.org/citation.cfm?id=1699571.1699627},
     acmid = {1699627},
     publisher = {Association for Computational Linguistics},
     address = {Stroudsburg, PA, USA},
} 

@inproceedings{PLSA_original,
     author = {Hofmann, Thomas},
     title = {Probabilistic Latent Semantic Indexing},
     booktitle = {Proceedings of the 22Nd Annual International ACM SIGIR Conference on Research and Development in Information Retrieval},
     series = {SIGIR '99},
     year = {1999},
     isbn = {1-58113-096-1},
     location = {Berkeley, California, USA},
     pages = {50--57},
     numpages = {8},
     url = {http://doi.acm.org/10.1145/312624.312649},
     doi = {10.1145/312624.312649},
     acmid = {312649},
     publisher = {ACM},
     address = {New York, NY, USA},
} 

@incollection{ robustPLSA,
    year={2013},
    isbn={978-3-642-36972-8},
    booktitle={Advances in Information Retrieval},
    volume={7814},
    series={Lecture Notes in Computer Science},
    editor={Serdyukov, Pavel and Braslavski, Pavel and Kuznetsov, SergeiO. and Kamps, Jaap and RÃ¼ger, Stefan and Agichtein, Eugene and Segalovich, Ilya and Yilmaz, Emine},
    doi={10.1007/978-3-642-36973-5_84},
    title={Robust PLSA Performs Better Than LDA},
    url={http://dx.doi.org/10.1007/978-3-642-36973-5_84},
    publisher={Springer Berlin Heidelberg},
    keywords={topic modeling; Gibbs sampling; perplexity; robustness},
    author={Potapenko, Anna and Vorontsov, Konstantin},
    pages={784-787}
}

@article{LDA,
 author = {Blei, David M. and Ng, Andrew Y. and Jordan, Michael I.},
 title = {Latent Dirichlet Allocation},
 journal = {J. Mach. Learn. Res.},
 issue_date = {3/1/2003},
 volume = {3},
 month = mar,
 year = {2003},
 issn = {1532-4435},
 pages = {993--1022},
 numpages = {30},
 url = {http://dl.acm.org/citation.cfm?id=944919.944937},
 acmid = {944937},
 publisher = {JMLR.org},
}

